@book{book:hands-on-ml,
  author    = {Aurélien Géron},
  title     = {Hands-On Machine Learning with Scikit-Learn, Keras, and TensorFlow},
  publisher = {O'Reilly Media, Inc},
  year      = 2017,
  isbn      = {978-1-492-03264-9}
}

@online{online:ai-andrew-ng,
  author = {Shana Lynch},
  title  = {Andrew Ng: Why AI Is the New Electricity},
  url    = {https://www.gsb.stanford.edu/insights/andrew-ng-why-ai-new-electricity},
  month  = 5,
  year   = 2017,
  note   = {Einsichtsname: 17.05.2021}
}