@book{book:hands-on-ml,
  author    = {Aurélien Géron},
  title     = {Hands-On Machine Learning with Scikit-Learn, Keras, and TensorFlow},
  subtitle  = {Concept, Tools and Techniques to Built Intelligent Systems},
  publisher = {O'Reilly Media, Inc.},
  year      = 2019,
  isbn      = {978-1-492-03264-9}
}

@book{book:tiny-ml,
  author    = {Pete Warden and Daniel Situnayake},
  title     = {TinyML: Machine Learning with TensorFlow Lite on Arduino,
  and Ultra-Low Power Microcontrollers},
  publisher = {O'Reilly Media, Inc.},
  year      = 2020,
  isbn      = {978-1-492-05204-3}
}

@article{DBLP:quantization,
  author        = {Benoit Jacob and
               Skirmantas Kligys and
               Bo Chen and
               Menglong Zhu and
               Matthew Tang and
               Andrew G. Howard and
               Hartwig Adam and
               Dmitry Kalenichenko},
  title         = {Quantization and Training of Neural Networks for Efficient Integer-Arithmetic-Only Inference},
  journal       = {CoRR},
  volume        = {abs/1712.05877},
  year          = {2017},
  url           = {http://arxiv.org/abs/1712.05877},
  archiveprefix = {arXiv},
  eprint        = {1712.05877},
  timestamp     = {Thu, 27 May 2021 16:20:51 +0200},
  biburl        = {https://dblp.org/rec/journals/corr/abs-1712-05877.bib},
  bibsource     = {dblp computer science bibliography, https://dblp.org}
}

@online{online:ai-andrew-ng,
  author = {Shana Lynch},
  title  = {Andrew Ng: Why AI Is the New Electricity},
  url    = {https://www.gsb.stanford.edu/insights/andrew-ng-why-ai-new-electricity},
  month  = 5,
  year   = 2017,
  note   = {Einsichtsname: 17.07.2021}
}

@online{online:vectorization,
  author = {Evgueny Khartchenko},
  title  = {Vectorization: A Key Tool To Improve Performance On Modern CPUs},
  url    = {https://software.intel.com/content/www/us/en/develop/articles/vectorization-a-key-tool-to-improve-performance-on-modern-cpus.html},
  month  = 1,
  year   = 2018,
  note   = {Einsichtsname: 21.07.2021}
}

@online{online:edge-tpu,
  title      = {Coral technology: Advanced neural network processing for low-power devices},
  shorttitle = {Coral technology},
  url        = {https://coral.ai/technology},
  note       = {Einsichtsname: 24.07.2021}
}

@online{online:models-on-edge-tpu,
  title = {TensorFlow models on the Edge TPU},
  url   = {https://coral.ai/docs/edgetpu/models-intro/#compatibility-overview},
  note  = {Einsichtsname: 5.08.2021}
}